% This file was created with JabRef 2.8.
% Encoding: UTF8

@ARTICLE{circulaire_c2i,
  author = {Minist{\`e}re de l'{\'E}ducation nationale},
  title = {Circulaire n$\,^{\circ}$2006-106 Certificat informatique et internet
	(C2i){\textregistered}},
  year = {2002},
  bdsk-url-1 = {http://www.education.gouv.fr/botexte/bo020409/MENT0201078C.htm},
  date-modified = {2012-12-03 19:10:51 +0000},
  howpublished = {\href{http://www.education.gouv.fr/botexte/bo020409/MENT0201078C.htm}{www.education.gouv.fr}},
  url = {http://www.education.gouv.fr/botexte/bo020409/MENT0201078C.htm}
}

@WEBPAGE{isn,
  url = {eduscol.education.fr/pid26461-cid59678/presentation.html},
  howpublished = {\href{http://eduscol.education.fr/pid26461-cid59678/presentation.html}{eduscol.education.fr}},
  year = {2012},
  month = {juin},
  title = {Informatique et sciences du num{\'e}rique, un nouvel enseignement
	de sp{\'e}cialit{\'e} en classe terminale de la s{\'e}rie S},
  author = {{\'E}duscol},
  bdsk-url-1 = {http://eduscol.education.fr/pid26461-cid59678/presentation.html},
  date-added = {2012-10-04 12:35:52 +0000},
  date-modified = {2012-11-27 13:20:59 +0000},
  keywords = {terminale informatique}
}

@WEBPAGE{formation_recrutement,
  url = {lecercle.lesechos.fr/economie-societe/social/221135598/faut-adapter-formation-professionnelle-aux-criteres-recrutement},
  howpublished = {\href{http://lecercle.lesechos.fr/economie-societe/social/221135598/faut-adapter-formation-professionnelle-aux-criteres-recrutement}{lecercle.lesechos.fr}},
  year = {2011},
  month = {juin},
  title = {Il faut adapter la formation professionnelle aux crit{\`e}res de
	recrutement},
  author = {Fran{\c c}ois Adoue},
  bdsk-url-1 = {http://lecercle.lesechos.fr/economie-societe/social/221135598/faut-adapter-formation-professionnelle-aux-criteres-recrutement},
  date-added = {2012-10-25 13:12:06 +0000},
  date-modified = {2012-11-26 16:30:52 +0000},
  keywords = {formation recrutement}
}

@WEBPAGE{lordi,
  url = {http://www.midilibre.fr/2012/08/22/e-net,551525.php},
  howpublished = {\href{http://www.midilibre.fr/2012/08/22/e-net,551525.php}{http://www.midilibre.fr}},
  year = {2012},
  title = {LoRdi},
  author = {NATHALIE BALSAN-DUVERNEUIL},
  bdsk-url-1 = {http://www.midilibre.fr/2012/08/22/e-net,551525.php},
  date-modified = {2012-08-23 6:00:00 +0000}
}

@WEBPAGE{diff_emploi,
  url = {www.lefigaro.fr/emploi/2012/05/10/09005-20120510ARTFIG00663-les-entreprises-ont-de-plus-en-plus-de-mal-a-recruter.php},
  howpublished = {\href{http://www.lefigaro.fr/emploi/2012/05/10/09005-20120510ARTFIG00663-les-entreprises-ont-de-plus-en-plus-de-mal-a-recruter.php}{www.lefigaro.fr}},
  year = {2012},
  month = {mai},
  title = {Les entreprises ont de plus en plus de mal {\`a} recruter},
  author = {Marie Bartnik},
  bdsk-url-1 = {http://www.lefigaro.fr/emploi/2012/05/10/09005-20120510ARTFIG00663-les-entreprises-ont-de-plus-en-plus-de-mal-a-recruter.php},
  date-added = {2012-10-25 14:42:42 +0000},
  date-modified = {2012-11-26 16:29:29 +0000},
  keywords = {difficult{\'e}s recrutement}
}

@WEBPAGE{chantage_facebook,
  url = {http://www.europe1.fr/France/Suicide-Facebook-la-piste-internationale-1293685/},
  howpublished = {\href{http://www.europe1.fr/France/Suicide-Facebook-la-piste-internationale-1293685/}{www.europe1.fr}},
  year = {2012},
  month = {octobre},
  title = {"Suicide Facebook" : la piste internationale},
  author = {Marc-Antoine Bindler},
  bdsk-url-1 = {http://www.europe1.fr/France/Suicide-Facebook-la-piste-internationale-1293685/},
  date-added = {2012-11-02 13:21:41 +0000},
  date-modified = {2012-12-16 11:25:56 +0000},
  keywords = {suicide Facebook}
}

@BOOK{abbot-trithemius,
  title = {The Abbot Trithemius (1462-1516): The Renaissance of Monastic Humanism},
  publisher = {Brill},
  year = {1981},
  author = {No{\"e}l L. Brann},
  isbn = {9789004064683}
}

@BOOK{history-of-astronomy,
  title = {A history of astronomy},
  publisher = {London, Methuen \& co.},
  year = {1907},
  author = {Bryant, Walter William},
  date-added = {2012-11-25 16:55:14 +0000},
  date-modified = {2012-11-25 16:56:11 +0000}
}

@BOOKLET{condorcet_92,
  title = {Rapport sur l'instruction publique},
  author = {Nicolas de Condorcet},
  month = {avril},
  year = {1992},
  owner = {clement},
  timestamp = {2012.11.24}
}

@WEBPAGE{quote-guten,
  url = {http://www.histoire.presse.fr/les-collections-de-lhistoire/13/avec-limprimerie-la-bible-pour-tous-03-10-2001-10325},
  howpublished = {\href{http://www.histoire.presse.fr/les-collections-de-lhistoire/13/avec-limprimerie-la-bible-pour-tous-03-10-2001-10325}},
  year = {2001},
  author = {Jo{\"e}l Cornette},
  bdsk-url-1 = {http://www.histoire.presse.fr/les-collections-de-lhistoire/13/avec-limprimerie-la-bible-pour-tous-03-10-2001-10325},
  date-added = {2012-11-27 14:24:57 +0000},
  date-modified = {2012-11-27 14:31:38 +0000}
}

@BOOK{ggcoulton-francis-to-dante,
  title = {From St. Francis to Dante; translations from the chronicle of the
	Franciscan Salimbene; 1221-1288; with notes and illustrations from
	other medieval sources},
  publisher = {London Nutt},
  year = {1906},
  author = {G. G. Coulton},
  date-added = {2012-11-25 13:20:33 +0000},
  date-modified = {2012-11-25 13:23:33 +0000}
}

@BOOK{book_middle_works_dewey,
  title = {The Middle Works, 1899-1924},
  publisher = {SIU Press},
  year = {1976},
  editor = {Jo Ann Boydston},
  author = {John Dewey},
  volume = {Volume 1, 1899-1901},
  pages = {25},
  owner = {clement},
  timestamp = {2012.11.25}
}

@WEBPAGE{kelvin-doe,
  url = {http://www.digitaljournal.com/article/337472},
  howpublished = {\href{http://www.digitaljournal.com/article/337472}},
  year = {2012},
  month = {Novembre},
  title = {Self-taught African prodigy Kelvin Doe dazzles MIT experts},
  author = {John-Thomas Didymus},
  bdsk-url-1 = {http://www.digitaljournal.com/article/337472},
  date-added = {2012-11-27 15:51:43 +0000},
  date-modified = {2012-11-27 15:54:06 +0000}
}

@ARTICLE{friesen-the-lecture,
  author = {Norm Friesen},
  title = {The Lecture as a Transmedial Pedagogical Form : A Historical Analysis},
  journal = {Educational Researcher},
  year = {2011},
  volume = {40},
  pages = {95-102},
  number = {3},
  month = {Avril}
}

@BOOK{havelock-preface-plato,
  title = {Preface to Plato; Volume 1 of A History of the Greek Mind},
  publisher = {Belknap Press of Harvard University},
  year = {1963},
  author = {Eric Alfred Havelock},
  date-added = {2012-11-25 14:33:44 +0000},
  date-modified = {2012-11-25 14:35:25 +0000}
}

@WEBPAGE{senat_ferry,
  url = {http://www.senat.fr/evenement/archives/D42/index.html},
  howpublished = {\href{http://www.senat.fr/evenement/archives/D42/index.html}{www.senat.fr}},
  year = {1911},
  title = {Les lois scolaires de Jules Ferry},
  author = {IF{\'E}},
  bdsk-url-1 = {http://www.inrp.fr/edition-electronique/lodel/dictionnaire-ferdinand-buisson/document.php?id=2424},
  date-modified = {2012-11-27 13:52:04 +0000},
  owner = {clement},
  timestamp = {2012.11.24}
}

@TECHREPORT{tics,
  author = {IICD},
  title = {Les TIC au service de l'{\'e}ducation},
  institution = {IICD},
  year = {2007},
  month = {11},
  bdsk-url-1 = {http://www.iicd.org/files/Education-impactstudy-French.pdf/},
  date-added = {2012-10-04 12:38:37 +0000},
  date-modified = {2012-10-21 13:43:32 +0000},
  howpublished = {http://www.iicd.org/files/Education-impactstudy-French.pdf/},
  url = {http://www.iicd.org/files/Education-impactstudy-French.pdf/}
}

@WEBPAGE{zuckerberg-privacy-guardian,
  url = {http://www.guardian.co.uk/technology/2010/jan/11/facebook-privacy},
  howpublished = {\href{http://www.guardian.co.uk/technology/2010/jan/11/facebook-privacy}},
  year = {2010},
  month = {Janvier},
  title = {Privacy no longer a social norm, says Facebook founder},
  author = {Bobbie Johnson},
  bdsk-url-1 = {http://www.guardian.co.uk/technology/2010/jan/11/facebook-privacy}
}

@WEBPAGE{ted_video_education,
  url = {www.ted.com/talks/lang/fr/salman_khan_let_s_use_video_to_reinvent_education.html},
  howpublished = {\href{http://www.ted.com/talks/lang/fr/salman_khan_let_s_use_video_to_reinvent_education.html}{www.ted.com}},
  year = {2011},
  title = {Utilisons les vid{\'e}os pour r{\'e}inventer l'{\'e}ducation},
  author = {Salman Khan},
  bdsk-url-1 = {http://www.ted.com/talks/lang/fr/salman_khan_let_s_use_video_to_reinvent_education.html},
  date-modified = {2012-10-25 14:57:48 +0000},
  journal = {TED Ideas worth spreading},
  support = {Vid{\'e}o en ligne},
  urldate = {mars 2011}
}

@WEBPAGE{harcel_facebook,
  url = {http://www.lexpress.fr/actualite/monde/amerique/le-suicide-d-une-adolescente-harcelee-sur-internet-emeut-le-canada_1175221.html},
  howpublished = {\href{http://www.lexpress.fr/actualite/monde/amerique/le-suicide-d-une-adolescente-harcelee-sur-internet-emeut-le-canada_1175221.html}{www.lexpress.fr}},
  year = {2012},
  month = {octobre},
  title = {Le suicide d'une adolescente harcel{\'e}e sur Internet {\'e}meut
	le Canada},
  author = {L'Express},
  bdsk-url-1 = {http://www.lexpress.fr/actualite/monde/amerique/le-suicide-d-une-adolescente-harcelee-sur-internet-emeut-le-canada_1175221.html},
  date-added = {2012-11-02 13:26:05 +0000},
  date-modified = {2012-11-27 13:19:26 +0000},
  keywords = {suicide Facebook harc{\`e}lement}
}

@WEBPAGE{portables40,
  url = {www.cndp.fr/ecolenumerique/tous-les-numeros/collecticites/article/article/dix-ans-et-apres-operation-un-collegien-un-ordinateur-portable.html},
  howpublished = {\href{www.cndp.fr/ecolenumerique/tous-les-numeros/collecticites/article/article/dix-ans-et-apres-operation-un-collegien-un-ordinateur-portable.html}{www.cndp.fr}},
  year = {2012},
  title = {Dix ans, et apr{\`e}s ? Op{\'e}ration « Un coll{\'e}gien, un ordinateur
	portable »},
  author = {Pierre LACUEILLE},
  bdsk-url-1 = {http://www.cndp.fr/ecolenumerique/tous-les-numeros/collecticites/article/article/dix-ans-et-apres-operation-un-collegien-un-ordinateur-portable.html},
  date-added = {2012-10-04 12:30:21 +0000},
  date-modified = {2012-11-27 13:45:19 +0000},
  keywords = {op{\'e}rations portables}
}

@WEBPAGE{ted_enseigner_erreurs,
  url = {www.ted.com/talks/lang/fr/diana_laufenberg_3_ways_to_teach.html},
  howpublished = {\href{http://www.ted.com/talks/lang/fr/diana_laufenberg_3_ways_to_teach.html}{www.ted.com}},
  year = {2010},
  title = {Comment apprendre? A partir de nos erreurs},
  author = {Diana Laufenberg},
  bdsk-url-1 = {http://www.ted.com/talks/lang/fr/diana_laufenberg_3_ways_to_teach.html},
  date-modified = {2012-10-25 14:55:32 +0000},
  journal = {TED Ideas worth spreading},
  support = {Vid{\'e}o en ligne},
  urldate = {novembre 2010}
}

@WEBPAGE{ted_innovation_education_bidonvilles,
  url = {www.ted.com/talks/lang/fr/charles_leadbeater_on_education.html},
  howpublished = {\href{http://www.ted.com/talks/lang/fr/charles_leadbeater_on_education.html}{www.ted.com}},
  year = {2010},
  title = {L'innovation dans l'{\'e}ducation dans les bidonvilles},
  author = {Charles Leadbeater},
  bdsk-url-1 = {http://www.ted.com/talks/lang/fr/charles_leadbeater_on_education.html},
  date-modified = {2012-10-25 14:56:22 +0000},
  journal = {TED Ideas worth spreading},
  support = {Vid{\'e}o en ligne},
  urldate = {avril 2010}
}

@ARTICLE{lenneberg-crit-period,
  author = {Eric Lenneberg},
  title = {Biological foundations of language},
  journal = {Behavioral Science},
  year = {1968},
  volume = {13},
  pages = {493-495},
  number = {6},
  month = {November},
  date-added = {2012-11-25 13:42:35 +0000},
  date-modified = {2012-11-25 13:46:56 +0000}
}

@WEBPAGE{recrutement_internet,
  url = {http://www.lepoint.fr/actualites-technologie-internet/2009-01-23/les-recruteurs-pistent-les-candidats-sur-google-et-facebook/1387/0/309970},
  howpublished = {\href{http://www.lepoint.fr/actualites-technologie-internet/2009-01-23/les-recruteurs-pistent-les-candidats-sur-google-et-facebook/1387/0/}{www.lepoint.fr}},
  year = {2009},
  month = {janvier},
  title = {Les recruteurs pistent les candidats sur Google et Facebook},
  author = {LePoint},
  bdsk-url-1 = {http://www.lepoint.fr/actualites-technologie-internet/2009-01-23/les-recruteurs-pistent-les-candidats-sur-google-et-facebook/1387/0/309970},
  date-added = {2012-11-02 13:36:13 +0000},
  date-modified = {2012-11-27 13:30:32 +0000},
  keywords = {recrutement Google Facebook}
}

@WEBPAGE{jeunes_et_entreprise,
  url = {http://www.escf.ccip.fr/dossiers.asp?abrv=dossier-jeunes-entreprises&th_code=secteurs-metiers-entreprises},
  howpublished = {\href{http://www.escf.ccip.fr/dossiers.asp?abrv=dossier-jeunes-entreprises\&th_code=secteurs-metiers-entreprises}{www.escf.ccip.fr}},
  year = {2006},
  title = {Les jeunes et le monde de l'entreprise},
  author = {Les_ateliers_Gr{\'e}goire},
  bdsk-url-1 = {http://www.escf.ccip.fr/dossiers.asp?abrv=dossier-jeunes-entreprises&th_code=secteurs-metiers-entreprises},
  date-added = {2012-10-24 11:44:44 +0000},
  date-modified = {2012-11-27 13:41:44 +0000},
  keywords = {jeunes attentes}
}

@WEBPAGE{wordpress_louiseroy,
  url = {https://louiseroy.wordpress.com/2009/10/04/behaviorisme-cognitivisme-et-constructivisme/},
  howpublished = {\href{https://louiseroy.wordpress.com/2009/10/04/behaviorisme-cognitivisme-et-constructivisme/}{louiseroy.wordpress.com}},
  year = {2009},
  title = {B{\'e}haviorisme, cognitivisme et constructivisme},
  author = {louiseroy},
  bdsk-url-1 = {https://louiseroy.wordpress.com/2009/10/04/behaviorisme-cognitivisme-et-constructivisme/},
  owner = {thibaut},
  timestamp = {2012.11.26}
}

@BOOK{magnusson2006fakers,
  title = {Fakers, forgers \& phoneys: famous scams and scamps},
  publisher = {Mainstream},
  year = {2006},
  author = {Magn{\'u}sson, M.},
  bdsk-url-1 = {http://books.google.fr/books?id=YrdIAAAAYAAJ},
  isbn = {9781845961909},
  lccn = {2008360663},
  url = {http://books.google.fr/books?id=YrdIAAAAYAAJ}
}

@WEBPAGE{monks-vs-press,
  url = {http://wondermark.com/true-stuff-monk-vs-press/},
  howpublished = {\href{http://wondermark.com/true-stuff-monk-vs-press/}{wondermark.com}},
  year = {2011},
  month = {Janvier},
  title = {True Stuff: Monk vs. the Printing Press},
  author = {David Malki},
  bdsk-url-1 = {http://wondermark.com/true-stuff-monk-vs-press/}
}

@WEBPAGE{recrut_social_network,
  url = {http://www.manpowergroup.fr/facebook-aux-recruteurs-gare-aux-violations-de-la-vie-privee/},
  howpublished = {\href{http://www.manpowergroup.fr/facebook-aux-recruteurs-gare-aux-violations-de-la-vie-privee/}{www.manpowergroup.fr}},
  year = {2012},
  title = {FACEBOOK AUX RECRUTEURS : GARE AUX VIOLATIONS DE LA VIE PRIV{\'E}E},
  author = {ManPower},
  bdsk-url-1 = {http://www.manpowergroup.fr/facebook-aux-recruteurs-gare-aux-violations-de-la-vie-privee/},
  date-added = {2012-11-02 13:48:03 +0000},
  date-modified = {2012-11-27 13:49:56 +0000},
  keywords = {recrutement Google Facebook}
}

@BOOK{plato-phaedrus,
  title = {Phaedrus, ou de la Beaut{\'e} des {\^a}mes},
  publisher = {Payot, Paris},
  year = {1922},
  author = {Mario Meunier},
  bdsk-url-1 = {https://cercamon.wordpress.com/2006/05/10/platon-sur-lecriture-phedre-274-276/},
  date-added = {2012-11-25 15:35:53 +0000},
  date-modified = {2012-11-27 14:48:23 +0000}
}

@WEBPAGE{portables60,
  url = {www.cndp.fr/ecolenumerique/tous-les-numeros/collecticites/article/article/les-usages-realites-et-disparites.html},
  howpublished = {\href{www.cndp.fr/ecolenumerique/tous-les-numeros/collecticites/article/article/les-usages-realites-et-disparites.html}{www.cndp.fr}},
  year = {2012},
  title = {Les usages, r{\'e}alit{\'e}s et disparit{\'e}s},
  author = {Minist{\`e}re\_{\'e}ducation},
  bdsk-url-1 = {http://www.cndp.fr/ecolenumerique/tous-les-numeros/collecticites/article/article/les-usages-realites-et-disparites.html},
  date-added = {2012-10-04 12:29:25 +0000},
  date-modified = {2012-11-27 13:59:45 +0000},
  keywords = {op{\'e}rations portables Landes}
}

@WEBPAGE{ted_mitra_2,
  url = {http://www.ted.com/talks/lang/fr/sugata_mitra_the_child_driven_education.html},
  howpublished = {\href{http://www.ted.com/talks/lang/fr/sugata_mitra_the_child_driven_education.html}{www.ted.com}},
  year = {2010},
  title = {Les nouvelles exp{\'e}riences de Sugata Mitra dans l'auto-apprentissage},
  author = {Sugata Mitra},
  bdsk-url-1 = {http://www.ted.com/talks/lang/fr/sugata_mitra_the_child_driven_education.html},
  owner = {thibaut},
  timestamp = {2012.11.25}
}

@WEBPAGE{ted_mitra_1,
  url = {www.ted.com/talks/lang/fr/sugata_mitra_shows_how_kids_teach_themselves.html},
  howpublished = {\href{http://www.ted.com/talks/lang/fr/sugata_mitra_shows_how_kids_teach_themselves.html}{www.ted.com}},
  year = {2007},
  title = {Sugata Mitra montre comment les enfants apprennent par eux-m{\^e}mes},
  author = {Sugata Mitra},
  bdsk-url-1 = {http://www.ted.com/talks/lang/fr/sugata_mitra_shows_how_kids_teach_themselves.html},
  date-modified = {2012-10-25 14:56:03 +0000},
  journal = {TED Ideas worth spreading},
  support = {Vid{\'e}o en ligne},
  urldate = {f{\'e}vrier 2007}
}

@BOOKLET{rapport_ecole_2012,
  title = {Rapport Refondons l'{\'e}cole de la r{\'e}publique},
  author = {Bonneau Colombani Forestier Mons},
  howpublished = {\href{http://cache.media.education.gouv.fr/file/10_octobre/62/6/Refondons-l-ecole-de-la-Republique-Rapport-de-la-concertation_228626.pdf}{www.education.gouv.fr}},
  month = {octobre},
  year = {2012},
  bdsk-url-1 = {http://cache.media.education.gouv.fr/file/10_octobre/62/6/Refondons-l-ecole-de-la-Republique-Rapport-de-la-concertation_228626.pdf},
  owner = {clement},
  pages = {25, 26, 31, 36, 49},
  url = {http://cache.media.education.gouv.fr/file/10_octobre/62/6/Refondons-l-ecole-de-la-Republique-Rapport-de-la-concertation_228626.pdf}
}

@WEBPAGE{moodle_website,
  url = {moodle.com},
  howpublished = {\href{http://moodle.com}{moodle.com}},
  year = {2011},
  title = {Site officiel Moodle},
  author = {Moodle},
  bdsk-url-1 = {http://moodle.com/},
  date-modified = {2012-11-26 16:33:47 +0000},
  journal = {Moodle.com - We give you powerful free tools to help you educate
	the world},
  support = {En ligne},
  urldate = {2011}
}

@WEBPAGE{ted_olpc_2008,
  url = {http://www.ted.com/talks/lang/fr/nicholas_negroponte_on_one_laptop_per_child_two_years_on.html},
  howpublished = {\href{http://www.ted.com/talks/lang/fr/nicholas_negroponte_on_one_laptop_per_child_two_years_on.html}{www.ted.com}},
  year = {2007},
  title = {Nicholas Negroponte et le projet OLPC deux ans apr{\`e}s},
  author = {Nicholas Negroponte},
  bdsk-url-1 = {http://www.ted.com/talks/lang/fr/nicholas_negroponte_on_one_laptop_per_child_two_years_on.html},
  date-modified = {2012-10-25 14:57:28 +0000},
  journal = {TED Ideas worth spreading},
  support = {Vid{\'e}o en ligne},
  urldate = {d{\'e}cembre 2007}
}

@WEBPAGE{ted_olpc_2006,
  url = {http://www.ted.com/talks/lang/fr/nicholas_negroponte_on_one_laptop_per_child.html},
  howpublished = {\href{http://www.ted.com/talks/lang/fr/nicholas_negroponte_on_one_laptop_per_child.html}{www.ted.com}},
  year = {2006},
  title = {Nicholas Negroponte parle de \og One Laptop per Child \fg{} (un ordinateur
	portable par enfant)},
  author = {Nicholas Negroponte},
  bdsk-url-1 = {http://www.ted.com/talks/lang/fr/nicholas_negroponte_on_one_laptop_per_child.html},
  date-modified = {2012-10-25 14:56:56 +0000},
  journal = {TED Ideas worth spreading},
  support = {Vid{\'e}o en ligne},
  urldate = {f{\'e}vrier 2006}
}

@WEBPAGE{neurosup,
  url = {http://www.neurosup.fr/\#Exemples_neuroeducation.Z},
  howpublished = {\href{http://www.neurosup.fr/\#Exemples_neuroeducation.Z}{http://www.neurosup.fr}},
  year = {2012},
  title = {neurosup},
  author = {Neurosup},
  bdsk-url-1 = {http://www.neurosup.fr/%5C#Exemples_neuroeducation.Z},
  date-modified = {2012-11-27 13:23:30 +0000}
}

@BOOK{nodier1989,
  title = {Critiques de l'imprimerie par le docteur N{\'e}ophobus},
  publisher = {{\'E}ditions des Cendres},
  year = {1989},
  author = {Charles Nodier},
  date-added = {2012-11-27 10:23:39 +0000},
  date-modified = {2012-11-27 10:24:07 +0000}
}

@WEBPAGE{ted_100000_classroom,
  url = {http://www.ted.com/talks/lang/fr/peter_norvig_the_100_000_student_classroom.html},
  howpublished = {\href{http://www.ted.com/talks/lang/fr/peter_norvig_the_100_000_student_classroom.html}{www.ted.com}},
  year = {2012},
  title = {Une classe de 100 000 {\'e}tudiants},
  author = {Peter Norvig},
  bdsk-url-1 = {http://www.ted.com/talks/lang/fr/peter_norvig_the_100_000_student_classroom.html},
  date-modified = {2012-10-25 14:55:17 +0000},
  journal = {TED Ideas worth spreading},
  support = {Vid{\'e}o en ligne},
  urldate = {f{\'e}vrier 2012}
}

@BOOK{book_apprendre,
  title = {Faut-il encore apprendre ?},
  publisher = {Dunod},
  year = {2010},
  editor = {Dunod},
  author = {Sandra Enlart et Olivier Charbonnier},
  owner = {thibaut},
  timestamp = {2012.11.22}
}

@TECHREPORT{educ_forum,
  author = {ONU},
  title = {Une raison d'esp{\'e}rer : le soutien des organisations non gouvernementales
	{\`a} l'{\'e}ducation pour tous},
  institution = {Forum mondial sur l'{\'e}ducation Dakar, S{\'e}n{\'e}gal},
  year = {2000},
  bdsk-url-1 = {http://unesdoc.unesco.org/images/0012/001233/123334f.pdf},
  date-added = {2012-10-04 12:37:16 +0000},
  date-modified = {2012-11-27 09:52:06 +0000},
  keywords = {Forum mondial sur l'{\'e}ducation}
}

@BOOK{book_seymour_papert,
  title = {L'enfant et la machine {\`a} conna{\^\i}tre},
  publisher = {Dunod},
  year = {1994},
  editor = {Dunod},
  author = {Seymour Papert},
  owner = {thibaut},
  timestamp = {2012.11.22}
}

@MISC{interview_papert,
  author = {Seymour Papert},
  title = {25 ann{\'e}es d'EIAH (Environnements Informatiques pour l'Apprentissage
	Humain)},
  howpublished = {\href{http://archiveseiah.univ-lemans.fr/EIAH2003/Pdf/n005-144.pdf}{archiveseiah.univ-lemans.fr}},
  year = {2003},
  date-modified = {2012-11-27 13:31:51 +0000},
  owner = {thibaut},
  timestamp = {2012.11.26}
}

@WEBPAGE{liberation2009,
  url = {http://www.liberation.fr/culture/0101589102-google-la-bibliotheque-nationale-et-le-syndrome-du-moine-copiste},
  howpublished = {\href{http://www.liberation.fr/culture/0101589102-google-la-bibliotheque-nationale-et-le-syndrome-du-moine-copiste}},
  year = {2009},
  title = {Google, la biblioth{\`e}que nationale et le syndrome du moine copiste},
  author = {Camille Pascal},
  bdsk-url-1 = {http://www.liberation.fr/culture/0101589102-google-la-bibliotheque-nationale-et-le-syndrome-du-moine-copiste},
  date-added = {2012-11-27 14:56:09 +0000},
  date-modified = {2012-11-27 14:57:13 +0000}
}

@ARTICLE{peixoto2006regard,
  author = {Peixoto, J.},
  title = {Un regard sur la trajectoire de l'informatique {\'e}ducative au Br{\'e}sil},
  journal = {Revue des Sciences et Technologies de l'Information et de la Communication
	pour l'Education et la Formation (STICEF)},
  year = {2006},
  volume = {13},
  bdsk-url-1 = {http://telearn.archives-ouvertes.fr/docs/00/69/64/12/PDF/sticef_2006_peixoto_02p.pdf},
  date-added = {2012-10-04 12:47:29 +0000},
  date-modified = {2012-10-04 12:47:29 +0000}
}

@ARTICLE{pelgrum1993indicators,
  author = {Pelgrum, W.J. and Schipper, A.T.},
  title = {Indicators of computer integration in education},
  journal = {Computers \& Education},
  year = {1993},
  volume = {21},
  pages = {141--149},
  number = {1},
  bdsk-url-1 = {http://doc.utwente.nl/26355/1/Pelgrum93indicators.pdf},
  date-added = {2012-10-04 12:43:39 +0000},
  date-modified = {2012-10-04 12:43:39 +0000},
  publisher = {Elsevier}
}

@BOOK{penfield2003speech,
  title = {Speech and Brain: Mechanisms,},
  publisher = {Textbook Publishers},
  year = {2003},
  author = {Penfield, W.},
  bdsk-url-1 = {http://books.google.fr/books?id=8kuHHQAACAAJ},
  isbn = {9780758156365},
  url = {http://books.google.fr/books?id=8kuHHQAACAAJ}
}

@BOOK{piaget_1923,
  title = {Le langage et la pens{\'e}e chez l'enfant},
  publisher = {Delachaux et Niestl{\'e}},
  year = {1923},
  editor = {Delachaux et Niestl{\'e}},
  author = {Jean Piaget},
  owner = {clement},
  timestamp = {2012.11.25}
}

@WEBPAGE{linguistics-pinker,
  url = {http://www.floatinguniversity.com/lectures-pinker},
  howpublished = {\href{http://www.floatinguniversity.com/lectures-pinker}},
  year = {2012},
  month = {Octobre},
  title = {Linguistics as a Window to Understanding the Brain},
  author = {Steven Pinker},
  bdsk-url-1 = {http://www.floatinguniversity.com/lectures-pinker}
}

@PERIODICAL{portables35,
  title = {Bilan des op{\'e}rations « Portables » ORDI 35 : UN ORDINATEUR POUR
	LA MAISON MAIS AUSSI POUR LE COLLEGE},
  year = {2008},
  url = {http://www2.cndp.fr/archivage/valid/93857/93857-15523-19511.pdf},
  author = {Serge Pouts-Lajus},
  bdsk-url-1 = {http://www2.cndp.fr/archivage/valid/93857/93857-15523-19511.pdf},
  date-added = {2012-10-04 12:27:19 +0000},
  date-modified = {2012-11-27 13:33:01 +0000},
  howpublished = {http://www2.cndp.fr/archivage/valid/93857/93857-15523-19511.pdf},
  journal = {{\'E}DUCATION \& TERRITOIRES},
  keywords = {op{\'e}rations portables},
  pages = {68-69}
}

@CONFERENCE{robinson2010paradigms,
  author = {Sir Ken Robinson},
  title = {Changing Education Paradigms},
  booktitle = {Ted Talk, RSA Animate},
  year = {2010},
  bdsk-url-1 = {http://www.ted.com/talks/ken_robinson_changing_education_paradigms.html},
  date-modified = {2012-10-24 09:05:54 +0000},
  journal = {RSA Animate},
  keywords = {education paradigms},
  support = {Vid{\'e}o en ligne},
  urldate = {14 octobre 2010}
}

@BOOK{robson-math,
  title = {Speech and Brain: Mechanisms,},
  publisher = {Princeton University Press},
  year = {2008},
  author = {Eleanor Robson},
  isbn = {9780691091822}
}

@BOOK{book_serusclat,
  title = {L'{\'e}cole r{\'e}publicaine et num{\'e}rique ?},
  publisher = {Belin},
  year = {1999},
  editor = {Belin},
  author = {Franck S{\'e}rusclat},
  pages = {p20-21, 44-46},
  owner = {clement},
  timestamp = {2012.11.25}
}

@WEBPAGE{social_recrut,
  url = {http://auto-net.fr/les-reseaux-sociaux-et-le-recrutement/},
  howpublished = {\href{http://auto-net.fr/les-reseaux-sociaux-et-le-recrutement/}{auto-net.fr}},
  year = {2011},
  month = {mai},
  title = {Les r{\'e}seaux sociaux et le recrutement},
  author = {{\'E}ric Saint-Frison},
  bdsk-url-1 = {http://auto-net.fr/les-reseaux-sociaux-et-le-recrutement/},
  date-added = {2012-11-25 13:00:12 +0000},
  date-modified = {2012-11-25 13:02:00 +0000}
}

@BOOK{longitude,
  title = {Longitude: The True Story of a Lone Genius Who Solved the Greatest
	Scientific Problem of His Time},
  publisher = {Walker},
  year = {1995},
  author = {Dava Sobel},
  date-added = {2012-11-27 15:43:18 +0000},
  date-modified = {2012-11-27 15:45:15 +0000}
}

@WEBPAGE{eduworld,
  url = {http://www.educationworld.com/a_curr/curr072.shtml},
  howpublished = {\href{http://www.educationworld.com/a_curr/curr072.shtml}{www.educationworld.com}},
  year = {2002},
  title = {Educators Battle Over Calculator Use: Both Sides Claim Casualties},
  author = {Linda Starr},
  bdsk-url-1 = {http://www.educationworld.com/a_curr/curr072.shtml},
  date-added = {2012-11-25 17:46:58 +0000},
  date-modified = {2012-11-26 16:30:35 +0000}
}

@WEBPAGE{drh_criteres,
  url = {http://www.studyrama.com/vie-etudiante/agenda/archives/comment-les-drh-evaluent-le-cursus-des-jeunes-diplomes-enquete-eslscaipsos-42446.html},
  howpublished = {\href{http://www.studyrama.com/vie-etudiante/agenda/archives/comment-les-drh-evaluent-le-cursus-des-jeunes-diplomes-enquete-eslscaipsos-42446.html}{www.studyrama.com}},
  year = {2004},
  title = {Comment les DRH {\'e}valuent le cursus des jeunes dipl{\^o}m{\'e}s
	(enqu{\^e}te ESLSCA-IPSOS)},
  author = {Studyrama},
  bdsk-url-1 = {http://www.studyrama.com/vie-etudiante/agenda/archives/comment-les-drh-evaluent-le-cursus-des-jeunes-diplomes-enquete-eslscaipsos-42446.html},
  date-added = {2012-10-24 11:26:36 +0000},
  date-modified = {2012-11-27 13:35:50 +0000},
  keywords = {embauche DRH}
}

@WEBPAGE{b2i_c2i,
  url = {eduscol.education.fr/numerique/dossier/competences/b2ic2i},
  howpublished = {\href{http://eduscol.education.fr/numerique/dossier/competences/b2ic2i}{eduscol.education.fr}},
  year = {2012},
  month = {mai},
  title = {B2i{\textregistered}, C2i{\textregistered} ... et autres attestations
	informatique et Internet},
  author = {TICE},
  bdsk-url-1 = {http://eduscol.education.fr/numerique/dossier/competences/b2ic2i},
  date-added = {2012-10-04 12:34:54 +0000},
  date-modified = {2012-11-26 16:26:52 +0000},
  keywords = {b2i c2i}
}

@WEBPAGE{recrutement_midi_pyr,
  url = {http://www.toulemploi.fr/BMO-recrutements-et-difficultes-en-2554.html},
  howpublished = {\href{http://www.toulemploi.fr/BMO-recrutements-et-difficultes-en-2554.html}{www.toulemploi.fr}},
  year = {2012},
  month = {mai},
  title = {BMO : recrutements (et difficult{\'e}s) en hausse en Midi-Pyr{\'e}n{\'e}es},
  author = {Toulemploi},
  bdsk-url-1 = {http://www.toulemploi.fr/BMO-recrutements-et-difficultes-en-2554.html},
  date-added = {2012-11-02 12:22:04 +0000},
  date-modified = {2012-11-27 13:31:04 +0000},
  keywords = {difficult{\'e}s recrutement}
}

@WEBPAGE{chom,
  url = {www.touteleurope.eu/fr/actions/social/emploi-protection-sociale/presentation/comparatif-le-taux-de-chomage-dans-l-ue.html},
  howpublished = {\href{http://www.touteleurope.eu/fr/actions/social/emploi-protection-sociale/presentation/comparatif-le-taux-de-chomage-dans-l-ue.html}{www.touteleurope.eu}},
  year = {2012},
  month = {octobre},
  title = {Le ch{\^o}mage frappe durement l'Union europ{\'e}enne},
  author = {Toute\_L'Europe},
  bdsk-url-1 = {http://www.touteleurope.eu/fr/actions/social/emploi-protection-sociale/presentation/comparatif-le-taux-de-chomage-dans-l-ue.html},
  date-added = {2012-10-21 12:51:33 +0000},
  date-modified = {2012-11-27 14:01:18 +0000},
  keywords = {chomage}
}

@WEBPAGE{chom_jeunes,
  url = {www.touteleurope.eu/fr/actions/social/emploi-protection-sociale/presentation/comparatif-le-taux-de-chomage-des-jeunes-dans-l-ue.html},
  howpublished = {\href{http://www.touteleurope.eu/fr/actions/social/emploi-protection-sociale/presentation/comparatif-le-taux-de-chomage-des-jeunes-dans-l-ue.html}{www.touteleurope.eu}},
  year = {2012},
  month = {octobre},
  title = {Les jeunes, premi{\`e}res victimes de la crise en Europe},
  author = {Toute\_L'Europe},
  bdsk-url-1 = {http://www.touteleurope.eu/fr/actions/social/emploi-protection-sociale/presentation/comparatif-le-taux-de-chomage-des-jeunes-dans-l-ue.html},
  date-added = {2012-10-21 12:28:58 +0000},
  date-modified = {2012-11-27 14:01:22 +0000},
  keywords = {chomage jeunes}
}

@BOOK{in-praise-of-scribes,
  title = {In Praise of Scribes (De Laude Scriptorum)},
  publisher = {Kansas: Coronado Press},
  year = {1974},
  author = {Johannes Trithemius}
}

@BOOK{van1989call,
  title = {The Call to Heresy},
  publisher = {Lamp},
  year = {1989},
  author = {Van de Weyer, Robert},
  isbn = {9780551019065}
}

@WEBPAGE{website_hole_in_the_wall,
  url = {http://hole-in-the-wall.com},
  howpublished = {\href{http://hole-in-the-wall.com}{hole-in-the-wall.com}},
  year = {2012},
  title = {Hole-in-the-Wall Lighting the spark of learning},
  author = {Hole-in-the-Wall Education Limited},
  bdsk-url-1 = {http://hole-in-the-wall.com/},
  date-modified = {2012-10-25 14:58:11 +0000},
  support = {En ligne},
  urldate = {2012}
}

@BOOK{walsham2003,
  title = {The Uses of Script and Print, 1300-1700},
  publisher = {Cambridge University Press},
  year = {2003},
  author = {Alexandra Walsham},
  month = {Novembre},
  date-added = {2012-11-27 10:19:01 +0000},
  date-modified = {2012-11-27 10:19:56 +0000}
}

@WEBPAGE{herodote-privation,
  url = {http://en.wikipedia.org/wiki/Psamtik_I#Discovering_the_origin_of_language},
  howpublished = {\href{http://en.wikipedia.org/wiki/Psamtik_I\#Discovering_the_origin_of_language}{en.wikipedia.org}},
  year = {2012},
  month = {octobre},
  title = {Psamtik I},
  author = {Wikipedia},
  bdsk-url-1 = {http://en.wikipedia.org/wiki/Psamtik_I#Discovering_the_origin_of_language},
  date-added = {2012-11-25 13:15:45 +0000},
  date-modified = {2012-11-26 16:32:38 +0000}
}

@WEBPAGE{history-longitude,
  url = {http://en.wikipedia.org/wiki/History_of_longitude},
  howpublished = {\href{http://en.wikipedia.org/wiki/History_of_longitude}},
  year = {2012},
  month = {Novembre},
  title = {A history of longitude},
  author = {Wikipedia},
  bdsk-url-1 = {http://en.wikipedia.org/wiki/History_of_longitude}
}

@WEBPAGE{tax-bloom,
  url = {https://fr.wikipedia.org/wiki/Taxonomie_de_Bloom},
  howpublished = {\href{https://fr.wikipedia.org/wiki/Taxonomie_de_Bloom}{fr.wikipedia.org}},
  year = {2012},
  month = {septembre},
  title = {Taxonomie de Bloom},
  author = {Wikipedia},
  bdsk-url-1 = {https://fr.wikipedia.org/wiki/Taxonomie_de_Bloom},
  date-added = {2012-11-25 16:13:27 +0000},
  date-modified = {2012-11-26 16:37:42 +0000}
}

@WEBPAGE{wiki-informatique,
  url = {http://fr.wikipedia.org/wiki/Informatique},
  howpublished = {\href{http://fr.wikipedia.org/wiki/Informatique}{fr.wikipedia.org}},
  year = {2012},
  month = {novembre},
  title = {Informatique},
  author = {Wikipedia},
  bdsk-url-1 = {http://fr.wikipedia.org/wiki/Informatique},
  date-added = {2012-11-25 12:46:11 +0000},
  date-modified = {2012-11-26 16:37:49 +0000}
}

@WEBPAGE{wikipedia_constructivisme,
  url = {https://fr.wikipedia.org/wiki/Constructivisme_%28psychologie%29},
  howpublished = {\href{https://fr.wikipedia.org/wiki/Constructivisme_\%28psychologie\%29}{fr.wikipedia.org}},
  year = {2012},
  month = {octobre},
  title = {Constructivisme (psychologie)},
  author = {Wikipedia},
  bdsk-url-1 = {https://fr.wikipedia.org/wiki/Constructivisme_%28psychologie%29},
  date-modified = {2012-11-26 16:37:56 +0000},
  owner = {thibaut},
  timestamp = {2012.11.26}
}

@WEBPAGE{wikipedia_nicholas_negroponte,
  url = {https://fr.wikipedia.org/wiki/Nicholas_Negroponte},
  howpublished = {\href{https://fr.wikipedia.org/wiki/Nicholas_Negroponte}{fr.wikipedia.org}},
  year = {2012},
  month = {novembre},
  title = {Nicholas Negroponte},
  author = {Wikipedia},
  bdsk-url-1 = {https://fr.wikipedia.org/wiki/Nicholas_Negroponte},
  date-modified = {2012-11-26 16:38:01 +0000},
  owner = {thibaut},
  timestamp = {2012.11.25}
}

@WEBPAGE{wikipedia_papert,
  url = {https://fr.wikipedia.org/wiki/Seymour_Papert},
  howpublished = {\href{https://fr.wikipedia.org/wiki/Seymour_Papert}{Seymour Papert}},
  year = {2012},
  month = {ao{\^u}t},
  title = {Seymour Papert},
  author = {Wikipedia},
  bdsk-url-1 = {https://fr.wikipedia.org/wiki/Seymour_Papert},
  date-modified = {2012-11-26 16:38:06 +0000},
  owner = {thibaut},
  timestamp = {2012.11.26}
}

@WEBPAGE{wikipedia_piaget,
  url = {https://fr.wikipedia.org/wiki/Jean_Piaget},
  howpublished = {\href{https://fr.wikipedia.org/wiki/Jean_Piaget}{fr.wikipedia.org}},
  year = {2012},
  month = {novembre},
  title = {Jean Piaget},
  author = {Wikipedia},
  bdsk-url-1 = {https://fr.wikipedia.org/wiki/Jean_Piaget},
  date-modified = {2012-11-26 16:38:11 +0000},
  owner = {thibaut},
  timestamp = {2012.11.26}
}

@WEBPAGE{wikipedia_sugata_mitra,
  url = {https://en.wikipedia.org/wiki/Sugata_Mitra},
  howpublished = {\href{https://en.wikipedia.org/wiki/Sugata_Mitra}{en.wikipedia.org}},
  year = {2012},
  month = {octobre},
  title = {Sugata Mitra},
  author = {Wikipedia},
  bdsk-url-1 = {https://en.wikipedia.org/wiki/Sugata_Mitra},
  date-modified = {2012-11-26 16:38:16 +0000},
  owner = {thibaut},
  timestamp = {2012.11.25}
}

@ARTICLE{steinbuch-2005,
  author = {Windrow, Hartenstein, Hechtnielsen},
  title = {1917 Karl Steinbuch 2005},
  journal = {IEEE Computational Intelligence Society},
  year = {2005},
  date-added = {2012-11-25 12:24:39 +0000},
  date-modified = {2012-11-25 12:31:28 +0000},
  keywords = {Ao{\`u}t}
}

@WEBPAGE{ted_math,
  url = {http://www.ted.com/talks/lang/fr/conrad_wolfram_teaching_kids_real_math_with_computers.html},
  howpublished = {\href{http://www.ted.com/talks/lang/fr/conrad_wolfram_teaching_kids_real_math_with_computers.html}{www.ted.com}},
  year = {2010},
  title = {Enseigner les vraies math{\'e}matiques aux enfants avec l'ordinateur},
  author = {Conrad Wolfram},
  bdsk-url-1 = {http://www.ted.com/talks/lang/fr/conrad_wolfram_teaching_kids_real_math_with_computers.html},
  date-modified = {2012-10-25 14:56:41 +0000},
  journal = {TED Ideas worth spreading},
  support = {Vid{\'e}o en ligne},
  urldate = {juillet 2010}
}

@comment{jabref-entrytype: Webpage: req[url;howpublished] opt[year;month;title;author]}

